@article{SUN2019228,
title = {{Life assessment of multiaxial thermomechanical fatigue of a nickel-based superalloy Inconel 718}},
journal = "International Journal of Fatigue",
volume = "120",
pages = "228 - 240",
year = "2019",
issn = "0142-1123",
doi = "https://doi.org/10.1016/j.ijfatigue.2018.11.018",
url = "http://www.sciencedirect.com/science/article/pii/S0142112318305747",
author = "J. Sun and H. Yuan",
keywords = "Thermomechanical fatigue (TMF), Multiaxial fatigue, Phase angle, Nickel-based superalloy, Life prediction",
abstract = "Recent investigations revealed significant differences of thermomechanical fatigue from isothermal fatigue. Quantifying effects of thermomechanical loads in fatigue life assessment is still an open issue. In the present work, extensive experiments are performed for a popular nickel-based superalloy under both isothermal and thermomechanical loading conditions to quantify the influence of varying temperature and multiaxial mechanical loads. Various multiaxial fatigue life models show significant deviations and cannot describe the thermomechanical fatigue life. Based on the experiments and failure analysis a new thermomechanical fatigue model is introduced to assess non-proportional thermomechanical loads and can calibrate thermomechanical multiaxial fatigue reasonably."
}
@article{SUN201989,
title = {{Cyclic plasticity modeling of nickel-based superalloy Inconel 718 under multi-axial thermo-mechanical fatigue loading conditions}},
journal = "International Journal of Fatigue",
volume = "119",
pages = "89 - 101",
year = "2019",
issn = "0142-1123",
doi = "https://doi.org/10.1016/j.ijfatigue.2018.09.017",
url = "http://www.sciencedirect.com/science/article/pii/S0142112318305620",
author = "J. Sun and H. Yuan",
keywords = "Cyclic plasticity, Thermo-mechanical fatigue loads, Multi-axial loading paths, Non-masing effect, Nickel-based superalloy",
abstract = "High temperature components work mainly under thermo-mechanical loading conditions. Recent investigations reveal significant effects of the thermo-mechanical coupling on material behavior. In the present work, extensive experiments are performed for nickel-based superalloy Inconel 718 under both isothermal and thermo-mechanical loading conditions. Within the framework of the Ohno-Wang cyclic plasticity, a modified constitutive model is suggested to describe cyclic hardening/softening, non-proportional hardening, non-masing effects observed in the experiments. The implicit integration algorithm is developed and implemented into a commercial finite element code. Comparison between experiments and computations confirms that the suggested model can predict the cyclic plastic behavior under most different varying temperatures and multi-axial loading paths reasonably."
}
@Article{Gnielinski1975,
author="Gnielinski, V.",
title={{Neue Gleichungen f{\"u}r den W{\"a}rme- und den Stoff{\"u}bergang in turbulent durchstr{\"o}mten Rohren und Kan{\"a}len}},
journal="Forschung im Ingenieurwesen A",
year="1975",
month="Jan",
day="01",
volume="41",
number="1",
pages="8--16",
abstract="Zur Berechnung von W{\"a}rme- und Stoff{\"u}bergangskoeffizienten in durchstr{\"o}mten Rohren und Kan{\"a}len wurde unter Einbeziehung von Me{\ss}ergebnissen f{\"u}r gro{\ss}e Reynolds- und hohe Prandtlzahlen eine Gleichung entwickelt, die sowohl den {\"U}bergangsbereich als auch den Bereich der vollausgebildeten turbulenten Str{\"o}mung einschlie{\ss}t.",
issn="1434-0860",
doi="10.1007/BF02559682",
url="https://doi.org/10.1007/BF02559682"
}
@book{Bergman2017,
  isbn={9780470646168},
  title={Fundamentals of heat and mass transfer},
  author={F.P. Incropera and D.P. DeWitt},
  publisher={John Wiley \& Sons, Inc.},
  edition={6th},
  year={2013}
}
@article{WRIGHT20073610,
title = "Recent developments in gas turbine materials and technology and their implications for syngas firing",
journal = "International Journal of Hydrogen Energy",
volume = "32",
number = "16",
pages = "3610 - 3621",
year = "2007",
issn = "0360-3199",
doi = "https://doi.org/10.1016/j.ijhydene.2006.08.049",
url = "http://www.sciencedirect.com/science/article/pii/S0360319906003971",
author = "I.G. Wright and T.B. Gibbons",
keywords = "Sygas-fired gas turbines, Gas turbine materials issues",
abstract = "Gas turbine combined-cycle systems burning natural gas represent a reliable and efficient power generation technology that is widely used. A critical factor in their development was the rapid adaptation of aero-engine technology (single crystal airfoils, sophisticated cooling techniques, and thermal barrier coatings) in order to operate at the high rotor-inlet temperatures required for high efficiency generation. Early reliability problems have been largely overcome, so that this type of power generation system is now considered to be a mature technology capable of achieving high levels of availability. Current interest in replacing natural gas with gas derived from coal (syngas or hydrogen) in these gas turbine systems focuses attention on implications for the critical turbine components. In this paper, the development requirements for materials for critical hot gas-path parts in large gas turbines burning coal-derived syngas fuels are briefly considered in the context of the state-of-the-art in materials for engines burning natural gas. It is shown that, despite some difficult design issues, many of the materials used in current engines will be applicable to units burning syngas. However, there is the potential that the durability of some components may be prejudiced because of differences in the combustion environment (especially in terms of water vapor content, and possibly sulfur compounds and particulates). Consequently, effort to develop improved coatings to resist erosion and also attack by S-containing compounds may be necessary."
}
@article{LEE201462,
title = "A study on thermo mechanical fatigue life prediction of Ni-base superalloy",
journal = "International Journal of Fatigue",
volume = "62",
pages = "62 - 66",
year = "2014",
issn = "0142-1123",
doi = "https://doi.org/10.1016/j.ijfatigue.2013.10.011",
url = "http://www.sciencedirect.com/science/article/pii/S0142112313002892",
author = "D. Lee and I. Shin and Y. Kim and J. Koo and C. Seok",
keywords = "Low cycle fatigue, Thermo mechanical fatigue, Life prediction",
abstract = "Gas turbine blades are exposed to high-temperature degradation environments due to flames and mechanical loads as a results of high-speed rotation during operation. In addition, blades are exposed to thermo-mechanical fatigue due to frequent start and shutdown. Therefore, it is necessary to evaluate the lifetime of blade materials. In this study, the TMF life of a Ni-base superalloy applied to gas turbine blade was predicted based on LCF and TMF test results. The LCF tests were conducted under various strain ranges based on gas turbine operating conditions. In addition, IP (in-phase) and OP (out of-phase) TMF tests were conducted under various strain ranges. Finally, a fatigue life prediction model was drawn from the LCF and TMF test results. The correlation between the LCF and TMF test results was also evaluated with respect to fatigue life."
}
@article{DENG2019813,
title = {{Isothermal and thermomechanical fatigue behavior of Inconel 718 superalloy}},
journal = "Materials Science and Engineering: A",
volume = "742",
pages = "813 - 819",
year = "2019",
issn = "0921-5093",
doi = "https://doi.org/10.1016/j.msea.2018.11.052",
url = "http://www.sciencedirect.com/science/article/pii/S0921509318315648",
author = "W. Deng and J. Xu and Y. Hu and Z. Huang and L. Jiang",
keywords = "Inconel 718 superalloy, Low cycle fatigue, Thermomechanical fatigue, Failure mechanism, Life prediction",
abstract = "The fatigue behavior and damage mechanisms of Inconel 718 are investigated and discussed under thermomechanical fatigue (TMF) and isothermal fatigue (IF) test conditions. The experimental results show that cyclic temperature accelerates fatigue degradation compared to isothermal equivalents, and the fatigue life under in-phase (IP) TMF mode is shorter than that under out-of-phase (OP) mode. The S-N data can be fitted by Coffin-Manson equation under LCF condition, and TMF lifetime can be predicted by the model based on hysteresis loop energy with a comprehensive consideration of mechanical and thermal strains."
}
@article{SCHLESINGER2017242,
title = {{Experimental investigation of the time and temperature dependent growth of fatigue cracks in Inconel 718 and mechanism based lifetime prediction}},
journal = "International Journal of Fatigue",
volume = "99",
pages = "242 - 249",
year = "2017",
issn = "0142-1123",
doi = "https://doi.org/10.1016/j.ijfatigue.2016.12.015",
url = "http://www.sciencedirect.com/science/article/pii/S0142112316304224",
author = "M. Schlesinger and T. Seifert and J. Preussner",
keywords = "Fatigue crack growth, Thermomechanical fatigue, Lifetime prediction, Nickel base alloy, Inconel 718",
abstract = "The following contribution deals with the growth of cracks in low-cycle fatigue (LCF) and thermomechanical fatigue (TMF) tested specimens of Inconel 718 measured by using the replica method. The specimens are loaded with different strain rates. The material shows a significantly higher crack growth rate if the strain rate is decreased. Electron backscatter diffraction (EBSD) is adopted to identify the failure mechanism and the misorientation relationship of failed grain boundaries in secondary cracks. The analyzed cracks propagated mainly transgranular but also intergranular failure can be observed in some areas. It is found that grain boundaries with coincidence site lattice (CSL) boundary structure are generally less susceptible for intergranular failure than grain boundaries with random misorientation. For modeling the experimentally identified crack behavior an existing model for fatigue crack growth based on the mechanism of time dependent elasticâ€“plastic crack tip blunting is enhanced to describe environmental effects based on the mechanism of oxygen diffusion at the crack tip. For the diffusion process the temperature dependent parabolic diffusion law is assumed. As a result, the time dependent cyclic crack tip opening displacement (Î”CTOD) is used as representative value to describe both mechanisms. Thus, most of the included model parameters characterize the deformation behavior of the material and can be determined by independent material tests. With the determined material properties, the proposed model describes the experimentally measured crack growth curves very well. The model is validated based on predictions of the number of cycles to failure of LCF as well as in-phase and out-of-phase TMF tests in the temperature range between room temperature and 650Â°C."
}
@article{Pollock2006,
annote = {doi: 10.2514/1.18239},
author = {Pollock, T.M and Tin, S.},
doi = {10.2514/1.18239},
issn = {0748-4658},
journal = {Journal of Propulsion and Power},
month = {mar},
number = {2},
pages = {361--374},
publisher = {American Institute of Aeronautics and Astronautics},
title = {{Nickel-Based Superalloys for Advanced Turbine Engines: Chemistry, Microstructure and Properties}},
url = {https://doi.org/10.2514/1.18239},
volume = {22},
year = {2006}
}
@misc{ASTME2207,
  publisher={ASTM International},
  title={{ASTM E2207-15 Standard Practice for Strain-Controlled Axial-Torsional Fatigue Testing with Thin-Walled Tubular Specimens}},
  address={West Conshohocken, PA},
  year={2015},
  doi={10.1520/E2207-15},
}
@inproceedings{astm1998standard,
  title={Standard practice for strain-controlled fatigue testing},
  booktitle={The American Society for Testing and Materials},
  author={ASTM E606},
  volume={3},
  year={1998},
  pages={525--39},
}
@article{astm2012606,
  title={Standard Practice for Strain-Controlled Fatigue Testing},
  journal={ASTM International, West Conshohocken, PA, United States},
  author={ASTM E606-04},
  year={2012},
  pages={636},
}
@misc{ASTM2014a,
  publisher={ASTM International},
  title={{ASTM E2368-10(2017) Standard Practice for Strain Controlled Thermomechanical Fatigue Testing}},
  address={West Conshohocken, PA},
  year={2017},
  doi={10.1520/E2368-10R17},
}
@misc{ASTMB637,
  publisher={ASTM International},
  title={Standard Specification for Precipitation-Hardening and Cold Worked Nickel Alloy Bars, Forgings, and Forging Stock for Moderate or High Temperature Service},
  year={2015},
}
@article{ASTMB63716,
  title={Standard Specification for Precipitation-Hardening and Cold Worked Nickel Alloy Bars, Forgings, and Forging Stock for Moderate or High Temperature Service},
  journal={ASTM International, West Conshohocken, PA},
  author={ASTM B637-16},
  volume={3},
  year={2007},
  pages={1297--1304},
}
@article{ASTME2005,
  doi={10.1520/E2368-10R17.2},
  title={Standard Practice for Strain controlled fatigue testing},
  journal={ASTM International, West Conshohocken, PA},
  author={ASTM E2368},
  number={October 2004},
  volume={92},
  file={:F$\backslash$:/Cloud/Books/ASTM/E2368.32301.pdf:pdf},
  year={2005},
  pages={16},
}
@article{Abdel2000,
  doi={https://doi.org/10.1016/S0749-6419(99)00052-2},
  title={Kinematic hardening model suitable for ratchetting with steady-state},
  url={http://www.sciencedirect.com/science/article/pii/S0749641999000522},
  journal={International Journal of Plasticity},
  author={M. Abdel-Karim and N. Ohno},
  number={3-4},
  volume={16},
  year={2000},
  keywords={B. Constitutive behavior, B. Cyclic loading, B. Elasticâ€“viscoplastic material},
  pages={225-240},
  issn={0749-6419},
}
@article{AbdelKarim20051303,
  doi={http://dx.doi.org/10.1016/j.ijplas.2004.06.001},
  title={Numerical integration method for kinematic hardening rules with partial activation of dynamic recovery term},
  url={http://www.sciencedirect.com/science/article/pii/S0749641904001135},
  journal={International Journal of Plasticity},
  author={M. Abdel-Karim},
  number={7},
  volume={21},
  pages={1303-1321},
  year={2005},
  keywords={Integration methods},
  issn={0749-6419},
}
@article{AbdelKarim2010170,
  doi={http://dx.doi.org/10.1016/j.ijpvp.2010.02.003},
  title={An extension for the Ohno-Wang kinematic hardening rules to incorporate isotropic hardening},
  url={http://www.sciencedirect.com/science/article/pii/S0308016110000232},
  journal={International Journal of Pressure Vessels and Piping},
  author={M. Abdel-Karim},
  number={4},
  volume={87},
  pages={170-176},
  year={2010},
  keywords={304L Stainless steel},
  issn={0308-0161},
}
@article{AbdelKarim2010170,
  doi={http://dx.doi.org/10.1016/j.ijpvp.2010.02.003},
  title={An extension for the OhnoÅ¡CWang kinematic hardening rules to incorporate isotropic hardening},
  url={http://www.sciencedirect.com/science/article/pii/S0308016110000232},
  journal={International Journal of Pressure Vessels and Piping},
  author={M Abdel-Karim},
  number={4},
  volume={87},
  pages={170 - 176},
  year={2010},
  keywords={304L Stainless steel},
  issn={0308-0161},
}
@article{AbdelKarim2010711,
  doi={http://dx.doi.org/10.1016/j.ijplas.2009.10.002},
  title={An evaluation for several kinematic hardening rules on prediction of multiaxial stress-controlled ratchetting},
  url={http://www.sciencedirect.com/science/article/pii/S0749641909001260},
  journal={International Journal of Plasticity},
  author={M. Abdel-Karim},
  number={5},
  volume={26},
  pages={711-730},
  year={2010},
  keywords={Non-proportional biaxial loading},
  issn={0749-6419},
}
@article{AbdelKarim2010711,
  doi={http://dx.doi.org/10.1016/j.ijplas.2009.10.002},
  title={An evaluation for several kinematic hardening rules on prediction of multiaxial stress-controlled ratchetting},
  url={http://www.sciencedirect.com/science/article/pii/S0749641909001260},
  journal={International Journal of Plasticity},
  author={M Abdel-Karim},
  number={5},
  volume={26},
  pages={711 - 730},
  year={2010},
  keywords={Non-proportional biaxial loading},
  issn={0749-6419},
}
@article{Algarni2015140,
  doi={http://dx.doi.org/10.1016/j.engfracmech.2015.08.007},
  title={A study of {Inconel} 718 dependency on stress triaxiality and Lode angle in plastic deformation and ductile fracture},
  url={http://www.sciencedirect.com/science/article/pii/S0013794415004580},
  journal={Engineering Fracture Mechanics},
  author={M. Algarni and Y. Bai and Y. Choi},
  volume={147},
  year={2015},
  keywords={Fracture propagation modes},
  pages={140-157},
  issn={0013-7944},
}
@article{BAUFELD2008219,
  volume={30},
  doi={https://doi.org/10.1016/j.ijfatigue.2007.01.034},
  title={{Advanced thermal gradient mechanical fatigue testing of CMSX-4 with an oxidation protection coating}},
  url={http://www.sciencedirect.com/science/article/pii/S0142112307001065},
  journal={International Journal of Fatigue},
  author={B. Baufeld and M. Bartsch and M. Heinzelmann},
  number={2},
  year={2008},
  keywords={Defects, Cracks, Stress analysis, Superalloys, Thermomechanical fatigue/cycling},
  pages={219-225},
  issn={0142-1123},
}
@article{BRENDEL2008234,
  volume={30},
  doi={https://doi.org/10.1016/j.ijfatigue.2007.01.039},
  title={{Temperature gradients in TMF specimens. Measurement and influence on TMF life}},
  url={http://www.sciencedirect.com/science/article/pii/S0142112307001089},
  journal={International Journal of Fatigue},
  author={T. Brendel and E. Affeldt and J. Hammer and C. Rummel},
  number={2},
  year={2008},
  keywords={Thermomechanical fatigue, Temperature distribution, Control deviation, Temperature measurement, Inductive heating},
  pages={234-240},
  issn={0142-1123},
}
@article{Bai20081071,
  doi={http://dx.doi.org/10.1016/j.ijplas.2007.09.004},
  title={A new model of metal plasticity and fracture with pressure and Lode dependence},
  url={http://www.sciencedirect.com/science/article/pii/S0749641907001246},
  journal={International Journal of Plasticity},
  author={Y. Bai and T. Wierzbicki},
  number={6},
  volume={24},
  year={2008},
  keywords={Calibration method},
  pages={1071-1096},
  issn={0749-6419},
}
@article{Bakis2014,
  isbn={0803118627},
  author={Bakis, C.E. and Castelll, M.G. and Ellis, J.R.},
  issn={00660558},
  file={:F$\backslash$:/Cloud/GitHub/fatigue/Papers/Bakis et al. - 2014 - Thermomechanical Loading in Pure Torsion Test Control and Deformation Behavior.pdf:pdf},
  year={2014},
  journal={Advances in Multiaxial Fatigue, ASTM STP 1191},
  pages={223-243},
  keywords={applications,combinations of thermal and,complex,components are subjected to,deformation,deviatoric invar-,elevated temperature,hastelloy x,iants,in most high-temperature engineering,mechanical loadings during service,such thermomechanical,thermomechanical testing,torsion},
  title={{Thermomechanical Loading in Pure Torsion: Test Control and Deformation Behavior}},
}
@article{Bauer2009,
  publisher={Elsevier Ltd},
  doi={10.1016/j.intermet.2008.11.013},
  author={Bauer, V. and Christ, H. J.},
  url={http://dx.doi.org/10.1016/j.intermet.2008.11.013},
  issn={09669795},
  number={5},
  volume={17},
  journal={Intermetallics},
  file={:F$\backslash$:/Articles/Fatigue/Papers/Bauer, Christ - 2009 - Thermomechanical fatigue behaviour of a third generation -TiAl intermetallic alloy.pdf:pdf},
  year={2009},
  keywords={A. Aluminides, miscellaneous,B. Mechanical properties at high temperatures,D. Defects: dislocation geometry and arrangement,E. Mechanical properties, theory,F. Mechanical testing},
  title={{Thermomechanical fatigue behaviour of a third generation $\gamma$-TiAl intermetallic alloy}},
  pages={370--377},
}
@article{Becker2011596,
  doi={http://dx.doi.org/10.1016/j.ijplas.2010.08.005},
  title={{A constitutive model for rate dependent and rate independent inelasticity. Application to IN718}},
  url={http://www.sciencedirect.com/science/article/pii/S0749641910001105},
  journal={International Journal of Plasticity},
  author={M. Becker and H.P. Hackenberg},
  number={4},
  volume={27},
  pages={596-619},
  year={2011},
  keywords={Numerical algorithms},
  issn={0749-6419},
}
@article{Brookes2010,
  doi={10.1016/j.msea.2010.03.073},
  isbn={0921-5093},
  author={Brookes, S.P. and K{\"{u}}hn, H.J. and Skrotzki, B. and Klingelh{\"{o}}ffer, H. and Sievert, R. and Pfetzing, J. and Peter, D. and Eggeler, G.},
  journal={Materials Science and Engineering A},
  issn={09215093},
  number={16-17},
  volume={527},
  file={:F$\backslash$:/Articles/Fatigue/Papers/Brookes et al. - 2010 - Axial-torsional thermomechanical fatigue of a near- TiAl-alloy.pdf:pdf},
  year={2010},
  keywords={?? Titanium aluminide,Axial-torsional loading,Microstructure,TNB-V5,Thermomechanical fatigue (TMF)},
  title={{Axial-torsional thermomechanical fatigue of a near-$\gamma$ TiAl-alloy}},
  pages={3829-3839},
}
@article{Brown2006,
  doi={10.1243/PIME_PROC_1973_187_161_02},
  isbn={0020-3483},
  author={Brown, M.W. and Miller, K.J.},
  journal={Proceedings of the Institution of Mechanical Engineers 1847-1982 {\rm (vols 1-196)}},
  issn={0020-3483},
  number={1973},
  volume={187},
  year={2006},
  title={{A theory for fatigue failure under multiaxial stress-strain conditions}},
  pages={745-755},
}
@article{Bruhns1999479,
  doi={http://dx.doi.org/10.1016/S0749-6419(99)00003-0},
  title={{Self-consistent Eulerian rate type elasto-plasticity models based upon the logarithmic stress rate}},
  url={http://www.sciencedirect.com/science/article/pii/S0749641999000030},
  journal={International Journal of Plasticity},
  author={O.T. Bruhns and H. Xiao and A. Meyers},
  number={5},
  volume={15},
  pages={479-520},
  year={1999},
  issn={0749-6419},
}
@article{Chaboche1986149,
  doi={http://dx.doi.org/10.1016/0749-6419(86)90010-0},
  title={Time-independent constitutive theories for cyclic plasticity},
  url={http://www.sciencedirect.com/science/article/pii/0749641986900100},
  journal={International Journal of Plasticity},
  author={J.L. Chaboche},
  number={2},
  volume={2},
  pages={149-188},
  year={1986},
  issn={0749-6419},
}
@article{Chaboche1991661,
  doi={http://dx.doi.org/10.1016/0749-6419(91)90050-9},
  title={On some modifications of kinematic hardening to improve the description of ratchetting effects},
  url={http://www.sciencedirect.com/science/article/pii/0749641991900509},
  journal={International Journal of Plasticity},
  author={J.L. Chaboche},
  number={7},
  volume={7},
  pages={661-678},
  year={1991},
  issn={0749-6419},
}
@article{Chaboche20081642,
  volume={24},
  doi={http://dx.doi.org/10.1016/j.ijplas.2008.03.009},
  title={A review of some plasticity and viscoplasticity constitutive theories},
  url={http://www.sciencedirect.com/science/article/pii/S0749641908000582},
  journal={International Journal of Plasticity},
  author={J.L. Chaboche},
  number={10},
  pages={1642-1693},
  year={2008},
  keywords={Ratchetting},
  issn={0749-6419},
}
@article{Chaves2013Notes,
  journal={Lecture Notes on Numerical Methods in Engineering and Sciences},
  title={{Notes on Continuum Mechanics}},
  author={E.W.V. Chaves},
  year={2013},
}
@article{Chen2004,
  doi={10.1016/j.ijplas.2003.05.005},
  isbn={0124433413},
  author={Chen, X. and Jiao, R.},
  journal={International Journal of Plasticity},
  issn={07496419},
  number={4-5},
  volume={20},
  file={:F$\backslash$:/Articles/Fatigue/Papers/Chen, Jiao - 2004 - Modified kinematic hardening rule for multiaxial ratcheting prediction.pdf:pdf},
  year={2004},
  keywords={Constitutive model,Cyclic plasticity,Kinematic hardening rule,Multiaxial loading,Ratcheting},
  title={Modified kinematic hardening rule for multiaxial ratcheting prediction},
  pages={871--898},
}
@article{Chen2004871,
  doi={http://dx.doi.org/10.1016/j.ijplas.2003.05.005},
  title={Modified kinematic hardening rule for multiaxial ratcheting prediction},
  url={http://www.sciencedirect.com/science/article/pii/S0749641903001359},
  journal={International Journal of Plasticity},
  author={X. Chen and R. Jiao},
  number={4-5},
  volume={20},
  pages={871-898},
  year={2004},
  keywords={Constitutive model},
  issn={0749-6419},
}
@article{Chen2016,
  doi={http://dx.doi.org/10.1016/j.msea.2015.12.096},
  title={{Low cycle fatigue and creep-fatigue interaction behavior of nickel-base superalloy GH4169 at elevated temperature of 650$^\circ$C}},
  url={http://www.sciencedirect.com/science/article/pii/S0921509315307851},
  journal={Materials Science and Engineering: A},
  author={G. Chen and Y. Zhang and D.K. Xu and Y.C. Lin and X. Chen},
  volume={655},
  year={2016},
  keywords={GH4169},
  pages={175-182},
  issn={0921-5093},
}
@article{Christ201259,
  doi={http://dx.doi.org/10.1016/j.commatsci.2011.12.018},
  title={Adapting a multi-component model to cyclic stressÅ¡Cstrain behaviour under thermomechanical fatigue conditions},
  url={http://www.sciencedirect.com/science/article/pii/S0927025611006793},
  journal={Computational Materials Science},
  author={H-J Christ and V Bauer},
  volume={57},
  year={2012},
  keywords={Titanium aluminide},
  pages={59-66},
  issn={0927-0256},
}
@article{Chu1993,
  title={Multiaxial Stress-Strain Modeling and Fatigue Life Prediction of {SAE} Axle Shafts},
  year={1993},
  journal={Advances in Multiaxial Fatigue, ASTM STP 1191},
  author={Chu, C.C. and Conle, F.A. and Bonnen, J.J.F.},
  pages={37-54},
}
@article{Chu1995,
  publisher={ASME},
  annote={10.1115/1.2804370},
  author={Chu, C.C.},
  url={http://dx.doi.org/10.1115/1.2804370},
  issn={0094-4289},
  number={1},
  volume={117},
  year={1995},
  journal={Journal of Engineering Materials and Technology},
  title={{Fatigue Damage Calculation Using the Critical Plane Approach}},
  pages={41-49},
}
@article{Doerring2003,
  title={A plasticity model for calculating stress strain sequences under multiaxial nonproportional cyclic loading},
  journal={Computational Materials Science},
  author={R. D{\"o}ring and J. Hoffmeyer and T. Seeger and M. Vormwald},
  volume={28},
  number={3-4},
  year={2003},
  keywords={Low cycle fatigue},
  pages={587-596},
}
@article{Evans2008,
  doi={10.1016/j.ijfatigue.2007.01.041},
  isbn={0142-1123},
  author={Evans, W. and Screech, J. and Williams, S.},
  url={http://www.sciencedirect.com/science/article/pii/S0142112307001120 http://ac.els-cdn.com/S0142112307001120/1-s2.0-S0142112307001120-main.pdf?{\_}},
  issn={01421123},
  number={2},
  volume={30},
  journal={International Journal of Fatigue},
  file={:F$\backslash$:/Articles/Fatigue/Papers/Evans, Screech, Williams - 2008 - Thermo-mechanical fatigue and fracture of INCO718.pdf:pdf},
  year={2008},
  keywords={inco718,induction heating,pyrometer control,strain control fatigue,thermo-mechanical fatigue},
  title={{Thermo-mechanical fatigue and fracture of INCO718}},
  pages={257--267},
}
@article{Farrahi2014245,
  doi={http://dx.doi.org/10.1016/j.matdes.2013.11.007},
  title={Numerical simulations of cyclic behaviors in light alloys under isothermal and thermo-mechanical fatigue loadings},
  url={http://www.sciencedirect.com/science/article/pii/S0261306913010509},
  journal={Materials and Design(1980-2015)},
  author={G.H. Farrahi and A. Shamloo and M. Felfeli and M. Azadi},
  volume={56},
  number={4},
  year={2014},
  keywords={Thermo-mechanical fatigue},
  pages={245-253},
  issn={0261-3069},
}
@article{Fatemi1988,
  doi={10.1111/j.1460-2695.1988.tb01169.x},
  isbn={8756758X},
  author={Fatemi, A. and Socie, D.F.},
  journal={Fatigue and Fracture of Engineering Materials and Structures},
  issn={14602695},
  number={3},
  volume={11},
  file={:F$\backslash$:/Articles/Fatigue/Papers/Fatemi{\_}et{\_}al-1988-Fatigue{\_}.pdf:pdf},
  year={1988},
  title={{A critical plane approach to multiaxial fatigue damage including out-of-phase loading}},
  pages={149-165},
}
@Article{Fournier1977,
  doi={10.1007/BF02667395},
  author={Fournier, D. and Pineau, A.},
  title={{Low cycle fatigue behavior of Inconel 718 at 298 K and 823 K}},
  url={https://doi.org/10.1007/BF02667395},
  journal={Metallurgical Transactions A},
  issn={1543-1940},
  number={7},
  volume={8},
  pages={1095-1105},
  year={1977},
  day={01},
}
@article{Gil1998,
  author={Gil, C.M. and Lissenden, C.J. and Lerch, B.A.},
  issn={00903973},
  file={:F$\backslash$:/Database/IN718 Literature/19990008858.pdf:pdf},
  year={1998},
  keywords={a,cr--1998-207932},
  title={{Determination of Yield in Inconel 718 for Axial-Torsional Loading at Temperatures up to 649$^\circ$C}},
  journal={NASA/TM-1998-208658},
  number={vember}
}
@book{Hahner2006,
  isbn={9279022164},
  title={Validated Code-of-Practice for Thermo-Mechanical Fatigue Testing},
  author={H{\"{a}}hner, P. and Affeldt, E. and Beck, T. and Klingelh{\"{o}}ffer, H. and Loveday, M. and Rinaldi, C.},
  number={June},
  file={:F$\backslash$:/Cloud/GitHub/fatigue/Papers/jrc-tmf-validated-code-of-practice.pdf:pdf},
  year={2006},
}
@article{Harrison1996,
  title={{Modelling of thermomechanical fatigue in aero engine turbine blades}},
  journal={Rolls Royce Plc},
  author={Harrison, G.F. and Tranter, P.H.},
  year={1996},
}
@article{Hassan20081863,
  volume={24},
  doi={http://dx.doi.org/10.1016/j.ijplas.2008.04.008},
  title={Influence of non-proportional loading on ratcheting responses and simulations by two recent cyclic plasticity models},
  url={http://www.sciencedirect.com/science/article/pii/S0749641908000752},
  journal={International Journal of Plasticity},
  author={T. Hassan and L. Taleb and S. Krishna},
  number={10},
  pages={1863-1889},
  year={2008},
  keywords={Ratcheting},
  issn={0749-6419},
}
@article{IN718norm,
  title={Metallic Materials Properties Development and Standardization (MMPDS)},
  journal={Scientific Report. DOT/FAA/AR-MMPDS-01},
  author={Federal Aviation Administration},
  volume={Office of Aviation Research, U.S. Department of Transportation, Washington, D.C. 20591},
  year={2003},
}
@article{Jacobsson2009,
  publisher={Elsevier Ltd},
  doi={10.1016/j.ijfatigue.2009.02.041},
  isbn={9781617823190},
  author={Jacobsson, Lars and Persson, Christer and Melin, Solveig},
  url={http://dx.doi.org/10.1016/j.ijfatigue.2009.02.041},
  issn={01421123},
  number={8-9},
  volume={31},
  journal={International Journal of Fatigue},
  file={:F$\backslash$:/Cloud/GitHub/fatigue/Papers/Jacobsson, Persson, Melin - 2009 - Thermo-mechanical fatigue crack propagation experiments in Inconel 718.pdf:pdf},
  year={2009},
  keywords={Crack propagation,Experimental technique, Inconel 718, Potential drop,Thermo-mechanical fatigue},
  title={Thermo-mechanical fatigue crack propagation experiments in Inconel 718},
  pages={1318--1326},
}
@article{Jiang1996387,
  doi={http://dx.doi.org/10.1016/S0749-6419(96)00013-7},
  title={{Characteristics of the Armstrong-Frederick type plasticity models}},
  url={http://www.sciencedirect.com/science/article/pii/S0749641996000137},
  journal={International Journal of Plasticity},
  author={Y. Jiang and P. Kurath},
  number={3},
  volume={12},
  year={1996},
  pages={387-415},
  issn={0749-6419},
}
@article{Kandil1982,
  title={Biaxial low-cycle fatigue failure of 316 stainless steel at elevated temperatures},
  url={http://inis.iaea.org/Search/search.aspx?orig{\_}},
  author={Kandil, F.A. and Brown, M.W. and Miller, K.J.},
  volume={Book 280},
  journal={The Metal Society, London, 280},
  year={1982},
  pages={203-210},
}
@article{Kang20031801,
  doi={http://dx.doi.org/10.1016/S0749-6419(03)00016-0},
  title={Constitutive modeling of strain range dependent cyclic hardening},
  url={http://www.sciencedirect.com/science/article/pii/S0749641903000160},
  journal={International Journal of Plasticity},
  author={G. Kang and N. Ohno and A. Nebu},
  number={10},
  volume={19},
  pages={1801-1819},
  year={2003},
  keywords={B. Elastic-viscoplastic material},
  issn={0749-6419},
}
@article{Kang2004299,
  doi={http://dx.doi.org/10.1016/S0167-6636(03)00024-3},
  title={A visco-plastic constitutive model for ratcheting of cyclically stable materials and its finite element implementation},
  url={http://www.sciencedirect.com/science/article/pii/S0167663603000243},
  journal={Mechanics of Materials},
  author={G. Kang},
  number={4},
  volume={36},
  year={2004},
  keywords={Finite element method},
  pages={299-312},
  issn={0167-6636},
}
@article{Khutia201388,
  doi={http://dx.doi.org/10.1016/j.mechmat.2013.05.016},
  title={{Development of non Masing characteristic model for LCF and ratcheting fatigue simulation of SA333 C-Mn steel}},
  url={http://www.sciencedirect.com/science/article/pii/S0167663613001087},
  journal={Mechanics of Materials},
  author={N. Khutia and P.P. Dey and S.K. Paul and S. Tarafder},
  number={65},
  volume={65},
  pages={88-102},
  year={2013},
  keywords={\{FEM\}},
  issn={0167-6636},
}
@book{Kim_Vanstone_1992,
  title={Elevated temperature crack growth. Final report, August 1988-June 1992},
  author={Kim, K.S. and Vanstone, R.H.},
  place={United States},
  year={1992},
  abstractNote={The purpose of this program was to extend the work performed in the base program (CR 182247) into the regime of time-dependent crack growth under isothermal and thermal mechanical fatigue (TMF) loading, where creep deformation also influences the crack growth behavior. The investigation was performed in a two-year, six-task, combined experimental and analytical program. The path-independent integrals for application to time-dependent crack growth were critically reviewed. The crack growth was simulated using a finite element method. The path-independent integrals were computed from the results of finite-element analyses. The ability of these integrals to correlate experimental crack growth data were evaluated under various loading and temperature conditions. The results indicate that some of these integrals are viable parameters for crack growth prediction at elevated temperatures.},
  month={Dec},
}
@article{Kobayashi2008389,
  doi={http://dx.doi.org/10.1016/j.ijimpeng.2007.03.005},
  title={Plastic flow behavior of {Inconel} 718 under dynamic shear loads},
  url={http://www.sciencedirect.com/science/article/pii/S0734743X07000553},
  journal={International Journal of Impact Engineering},
  author={T. Kobayashi and J.W. Simons and C.S. Brown and D.A. Shockey},
  number={5},
  volume={35},
  year={2008},
  keywords={Johnson-Cook parameters},
  pages={389-396},
  issn={0734-743X},
}
@article{Koch85,
  title={Proportional and non-proportional biaxial fatigue of Inconel 718},
  journal={PhD thesis, University of Illinois, Department of Mechanical Engineering},
  author={Koch, J.L.},
  year={1985},
}
@article{Kulawinski2015,
  doi={http://dx.doi.org/10.1016/j.ijfatigue.2015.07.020},
  title={{Isothermal and thermo-mechanical fatigue behavior of the nickel base superalloy Waspaloy$^{\rm{TM}}$ under uniaxial and biaxial-planar loading}},
  url={http://www.sciencedirect.com/science/article/pii/S0142112315002297},
  journal={International Journal of Fatigue},
  author={D. Kulawinski and A. Weidner and S. Henkel and H. Biermann},
  volume={81},
  year={2015},
  keywords={Lifetime model},
  pages={21-36},
  issn={0142-1123},
}
@article{Lemaitre1990Mechanics,
  title={{Mechanics of Solid Materials}},
  journal={Journal of Engineering Mechanics},
  author={Lemaitre, J. and Chaboche, J.L. and Maji, A.K.},
  number={3},
  volume={119},
  year={1990},
  pages={642-643},
}
@article{Liu1993,
  title={{A method based on virtual strain-energy parameters for multiaxial fatigue life prediction}},
  year={1993},
  journal={Advances in Multiaxial Fatigue, ASTM STP 1191},
  pages={67-84},
  author={Liu, K.C.},
}
@article{MAUGET2017225,
  volume={99},
  doi={https://doi.org/10.1016/j.ijfatigue.2016.08.001},
  title={{Damage mechanisms in an EB-PVD thermal barrier coating system during TMF and TGMF testing conditions under combustion environment}},
  url={http://www.sciencedirect.com/science/article/pii/S0142112316302262},
  journal={International Journal of Fatigue},
  author={F. Mauget and F. Hamon and M. Morisset and J. Cormier and F. Riallant and J. Mendez},
  year={2017},
  keywords={TBC system, Burner rig testing, Thermo-mechanical fatigue, Damage mechanisms, Microstructure evolutions},
  pages={225-234},
  issn={0142-1123},
}
@article{Mahobia2014,
  doi={10.1016/j.ijfatigue.2013.08.009},
  author={Mahobia, G.S. and Paulose, N. and Mannan, S.L. and Sudhakar, R.G. and Chattopadhyay, K. and {Santhi Srinivas}, N.C. and Singh, V.},
  journal={International Journal of Fatigue},
  issn={01421123},
  volume={59},
  file={:F$\backslash$:/Articles/Fatigue/Papers/Mahobia et al. - 2014 - Effect of hot corrosion on low cycle fatigue behavior of superalloy IN718.pdf:pdf},
  year={2014},
  keywords={Hot corrosion,Low cycle fatigue,Salt coatings,Superalloy IN718},
  title={{Effect of hot corrosion on low cycle fatigue behavior of superalloy IN718}},
  pages={272-281},
}
@article{McClaflin2004,
  doi={10.1016/j.ijfatigue.2003.10.019},
  author={McClaflin, D. and Fatemi, A.},
  journal={International Journal of Fatigue},
  issn={01421123},
  number={7},
  volume={26},
  file={:F$\backslash$:/Articles/Fatigue/Papers/McClaflin, Fatemi - 2004 - Torsional deformation and fatigue of hardened steel including mean stress and stress gradient effects.pdf:pdf},
  year={2004},
  keywords={Fatigue of hardened steel,Life prediction for torsion fatigue,Mean shear stress,Torsional fatigue},
  title={Torsional deformation and fatigue of hardened steel including mean stress and stress gradient effects},
  pages={773-784},
}
@article{McDowell2000293,
  doi={http://dx.doi.org/10.1016/S0020-7683(99)00094-3},
  title={Modeling and experiments in plasticity},
  url={http://www.sciencedirect.com/science/article/pii/S0020768399000943},
  journal={International Journal of Solids and Structures},
  author={D.L. McDowell},
  number={1-2},
  volume={37},
  pages={293-309},
  year={2000},
  keywords={Scales},
  issn={0020-7683},
}
@article{Morrow88,
  title={{Biaxial tension fatigue of Inconel 718}},
  journal={PhD thesis, University of Illinois Urbana-Champaign},
  author={Morrow, D.},
  year={1988},
}
@article{Ohmenhauser2014631,
  doi={http://dx.doi.org/10.1016/j.matdes.2014.08.016},
  title={Constitutive modeling of the thermo-mechanical fatigue and lifetime behavior of the cast steel 1.4849},
  url={http://www.sciencedirect.com/science/article/pii/S0261306914006323},
  journal={Materials and Design},
  author={F. OhmenhÃ¤user and C. Schwarz and S. Thalmair and H.S. Evirgen},
  volume={64},
  year={2014},
  keywords={Life prediction},
  pages={631-639},
  issn={0261-3069},
}
@article{Ohno1993375,
  doi={http://dx.doi.org/10.1016/0749-6419(93)90042-O},
  title={{Kinematic hardening rules with critical state of dynamic recovery, part I: formulation and basic features for ratchetting behavior}},
  url={http://www.sciencedirect.com/science/article/pii/074964199390042O},
  journal={International Journal of Plasticity},
  author={N. Ohno and J.D. Wang},
  number={3},
  volume={9},
  pages={375-390},
  year={1993},
  issn={0749-6419},
}
@article{Pereira2001715,
  doi={http://dx.doi.org/10.1016/S0734-743X(01)00018-5},
  title={Effects of heat treatment on the ballistic impact properties of {I}nconel 718 for jet engine fan containment applications},
  url={http://www.sciencedirect.com/science/article/pii/S0734743X01000185},
  journal={International Journal of Impact Engineering},
  author={J.M. Pereira and B.A. Lerch},
  number={8},
  volume={25},
  year={2001},
  keywords={Heat treatment},
  pages={715-733},
  issn={0734-743X},
}
@article{Pol1991Cyclic,
  title={{Cyclic Plasticity and Low Cycle Fatigue Life of Metals}},
  journal={Elsevier},
  author={PolÃ¡k, Jaroslav},
  year={1991},
}
@article{Pun2014138,
  doi={http://dx.doi.org/10.1016/j.ijfatigue.2014.03.021},
  title={{Ratcheting behaviour of high strength rail steels under bi-axial compression-torsion loadings: Experiment and simulation}},
  url={http://www.sciencedirect.com/science/article/pii/S0142112314001030},
  journal={International Journal of Fatigue},
  author={C.L. Pun and Q. Kan and P.J. Mutton and G. Kang and W. Yan},
  volume={66},
  year={2014},
  keywords={Cyclic loading},
  pages={138 - 154},
  issn={0142-1123},
}
@article{Safari2013402,
  doi={http://dx.doi.org/10.1016/j.commatsci.2012.10.039},
  title={Thermo-viscoplastic constitutive equation of austenitic stainless steel 310s},
  url={http://www.sciencedirect.com/science/article/pii/S092702561200643X},
  journal={Computational Materials Science},
  author={A.R. Safari and M.R. Forouzan and M. Shamanian},
  number={2},
  volume={68},
  pages={402-407},
  year={2013},
  keywords={Strain rate},
  issn={0927-0256},
}
@article{Schlesinger2017,
  publisher={Elsevier Ltd},
  doi={10.1016/j.ijfatigue.2016.12.015},
  author={Schlesinger, M. and Seifert, T. and Preussner, J.},
  url={http://dx.doi.org/10.1016/j.ijfatigue.2016.12.015},
  issn={01421123},
  volume={99},
  journal={International Journal of Fatigue},
  file={:F$\backslash$:/Cloud/æ–°å»ºæ–‡ä»¶å¤¹/Schlesinger, Seifert, Preussner - 2017 - Experimental investigation of the time and temperature dependent growth of fatigue cracks in In.pdf:pdf},
  year={2017},
  keywords={Fatigue crack growth, Inconel 718,Lifetime prediction,Nickel base alloy, Thermomechanical fatigue},
  title={{Experimental investigation of the time and temperature dependent growth of fatigue cracks in Inconel 718 and mechanism based lifetime prediction}},
  pages={242-249},
}
@Book{Socie2000,
  publisher={ Warrendale, Pa. : Society of Automotive Engineers},
  isbn={ 0768004535},
  language={ English},
  title={Multiaxial fatigue},
  url={ https://trove.nla.gov.au/work/32612149},
  author={Socie, D. and Marquis, G.},
  subjects={ Materials -- Fatigue; Axial loads},
  year={ 2000},
  type={ Book; Book/Illustrated},
}
@article{Sun2017,
  title={Unknown},
  journal={ARCHIVE: Unknown},
  author={Unknown},
  year={2017},
}
@article{Vose2013,
  publisher={Elsevier Ltd},
  doi={10.1016/j.ijfatigue.2011.10.018},
  isbn={0142-1123},
  author={V{\"{o}}se, F. and Becker, M. and Fischersworring-Bunk, A. and Hackenberg, H.P.},
  url={http://dx.doi.org/10.1016/j.ijfatigue.2011.10.018},
  issn={01421123},
  volume={53},
  journal={International Journal of Fatigue},
  file={:F$\backslash$:/Articles/Fatigue/Papers/V{\"{o}}se et al. - 2013 - An approach to life prediction for a nickel-base superalloy under isothermal and thermo-mechanical loading conditio.pdf:pdf},
  year={2013},
  keywords={Cyclic fatigue,Life prediction,Nickel-base superalloy,Thermo-mechanical fatigue},
  title={An approach to life prediction for a nickel-base superalloy under isothermal and thermo-mechanical loading conditions},
  pages={49-57},
}
@article{Walker1970,
  title={The Effect of Stress Ratio During Crack Propagation and Fatigue for 2024-{T}3 and 7075-{T}6 Aluminum},
  year={1970},
  author={Walker, E.K.},
  journal={Effects of Environment and Complex Load History on Fatigue Life, ASTM STP 462},
  pages={1-14},
}
@article{Wang1993,
  doi={10.1111/j.1460-2695.1993.tb00739.x},
  author={Wang, C.H. and Brown, M.W.},
  journal={Fatigue and Fracture of Engineering Materials and Structures},
  issn={14602695},
  number={12},
  volume={16},
  file={:F$\backslash$:/Articles/Fatigue/Papers/Wang, Brown - 1993 - A path-independent parameter for fatigue under proportional and nonproportional loading.pdf:pdf},
  year={1993},
  title={{A path-independent parameter for fatigue under proportional and non-proportional loading}},
  pages={1285-1297},
}
@article{Warren2006,
  doi={10.1016/j.msea.2006.04.091},
  isbn={0921-5093},
  author={Warren, J. and Wei, D.Y.},
  journal={Materials Science and Engineering A},
  issn={09215093},
  number={1-2},
  volume={428},
  file={:F$\backslash$:/Cloud/GitHub/fatigue/Papers/Warren, Wei - 2006 - The cyclic fatigue behavior of direct age 718 at 149 , 315 , 454 and 538 â—¦ C.pdf:pdf},
  year={2006},
  keywords={Activation volume,Alloy 718,Back stress,Cyclic fatigue,Material behavior,Ramberg-Osgood,Thermally activated},
  title={{The cyclic fatigue behavior of direct age 718 at 149, 315, 454 and 538$^\circ$C}},
  pages={106-115},
}
@article{Warren2008,
  doi={10.1016/j.ijfatigue.2008.03.001},
  author={Warren, J. and Wei, D.Y.},
  journal={International Journal of Fatigue},
  issn={01421123},
  number={10-11},
  volume={30},
  file={:F$\backslash$:/Cloud/GitHub/fatigue/Papers/Warren, Wei - 2008 - Thermally activated fatigue mechanism and life prediction.pdf:pdf},
  year={2008},
  keywords={Activation volume,Cyclic fatigue,Material behavior,Thermally activated},
  title={Thermally activated fatigue mechanism and life prediction},
  pages={1699-1707},
}
@book{William1995,
  title={Aerospace Structural Metals Handbook},
  author={William, D.K.},
  volume={4},
  year={1995},
}
@article{Xiao2005,
  doi={10.1016/j.scriptamat.2004.11.023},
  isbn={1359-6462},
  author={Xiao, L. and Chen, D.L. and Chaturvedi, M.C.},
  journal={Scripta Materialia},
  issn={13596462},
  number={7},
  volume={52},
  file={:F$\backslash$:/Cloud/GitHub/doctor/papers/Xiao, Chen, Chaturvedi - 2005 - Shearing of $\gamma$â€³ precipitates and formation of planar slip bands in Inconel 718 during cyclic deformatio.pdf:pdf},
  year={2005},
  keywords={Dislocation structure,Low cycle fatigue,Microstructure,Nickel alloys,Planar slip band},
  title={{Shearing of $\gamma''$ precipitates and formation of planar slip bands in Inconel 718 during cyclic deformation}},
  pages={603-607},
}
@article{Xiao2006,
  doi={10.1016/j.msea.2006.05.130},
  author={Xiao, L. and Chen, D. L. and Chaturvedi, M. C.},
  journal={Materials Science and Engineering A},
  issn={09215093},
  number={2},
  volume={437},
  file={:F$\backslash$:/Cloud/GitHub/fatigue/Papers/Xiao, Chen, Chaturvedi - 2006 - Effect of boron and carbon on thermomechanical fatigue of IN 718 superalloy. Part I. Deformation behavio.pdf:pdf},
  year={2006},
  keywords={Cyclic creep,Cyclic ratcheting,In-phase TMF,Out-of-phase TMF,Thermomechanical fatigue},
  title={Effect of boron and carbon on thermomechanical fatigue of IN 718 superalloy. Part I. Deformation behavior},
  pages={157--171},
}
@article{Xiao2006157,
  doi={http://dx.doi.org/10.1016/j.msea.2006.05.130},
  title={{Effect of boron and carbon on thermomechanical fatigue of IN 718 superalloy: Part I. Deformation behavior}},
  url={http://www.sciencedirect.com/science/article/pii/S0921509306009105},
  journal={Materials Science and Engineering: A},
  author={L. Xiao and D.L. Chen and M.C. Chaturvedi},
  number={2},
  volume={437},
  year={2006},
  keywords={Cyclic creep},
  pages={157-171},
  issn={0921-5093},
}
@article{Ye2004,
  doi={10.1016/j.msea.2004.01.045},
  isbn={0921-5093},
  author={Ye, Duyi and Ping, Dehai and Wang, Zhenlin and Xu, Haohao and Mei, Xiaoyu and Xu, Changwei and Chen, Xiaolin},
  journal={Materials Science and Engineering A},
  issn={09215093},
  number={1-2},
  volume={373},
  file={:F$\backslash$:/Articles/Fatigue/Papers/Ye et al. - 2004 - Low cycle fatigue behavior of nickel-based superalloy GH4145SQ at elevated temperature.pdf:pdf},
  year={2004},
  keywords={Bilinear behavior,Fracture mode,Low-cycle fatigue (LCF),Nickel-based superalloy,Slip band},
  title={Low cycle fatigue behavior of nickel-based superalloy GH4145/SQ at elevated temperature},
  pages={54--64},
}
@article{Yu201288,
  doi={http://dx.doi.org/10.1016/j.ijplas.2011.06.001},
  title={{Visco-plastic constitutive modeling on Ohno-Wang kinematic hardening rule for uniaxial ratcheting behavior of Z2CND18.12N steel}},
  url={http://www.sciencedirect.com/science/article/pii/S074964191100101X},
  journal={International Journal of Plasticity},
  author={D.Yu and G. Chen and W. Yu and D. Li and X. Chen},
  number={1},
  volume={28},
  pages={88-101},
  year={2012},
  keywords={C. Mechanical testing},
  issn={0749-6419},
}
@article{ZHU2016,
  doi={https://doi.org/10.1016/j.ijplas.2015.12.005},
  title={{Thermo-mechanically coupled cyclic elasto-viscoplastic constitutive model of metals: Theory and application}},
  url={http://www.sciencedirect.com/science/article/pii/S0749641915002041},
  journal={International Journal of Plasticity},
  author={Y. Zhu and G. Kang and Q. Kan and O.T. Bruhns and Y. Liu},
  volume={79},
  year={2016},
  keywords={A. Thermomechanical process, Logarithmic stress rate, B. Constitutive behaviour, B. Cyclic loading, C. Finite element},
  pages={111-152},
  issn={0749-6419},
}
@incollection{Zamrik2000,
  title={{Thermo-mechanical out-of-phase fatigue life of overlay coated IN-738LC gas turbine material}},
  year={2000},
  author={Zamrik, S.Y. and Renauld, M.L.},
  booktitle={Thermomechanical Fatigue Behavior of Materials: Third Volume, ASTM STP 1371},
  publisher={American Society for Testing and Materials, Philadelphia},
}
@article{abaqus20106,
  title={6.10},
  journal={User subroutines reference manual},
  author={Abaqus, Ver},
  year={2010},
}
@book{armstrong1966mathematical,
  publisher={{Central Electricity Generating Board and Berkeley Nuclear Laboratories, Research and Development Department}},
  title={{A mathematical representation of the multiaxial Bauschinger effect}},
  author={P.J. Armstrong and C.O. Frederick},
  year={1966},
}
@article{bauer2009thermomechanical,
  publisher={Elsevier},
  title={{Thermomechanical fatigue behaviour of a third generation $\gamma$-TiAl intermetallic alloy}},
  journal={Intermetallics},
  author={Bauer, V. and Christ, H.J.},
  number={5},
  volume={17},
  year={2009},
  pages={370-377},
}
@techreport{besseling1959theory,
  title={A Theory of elastic, plastic and creep deformations of an initially isotropic material showing anisotropic strain-hardening, creep recovery, and secondary creep},
  author={Besseling, J.R.},
  year={1959},
  institution={Stanford Univ., Calif.},
}
@article{brookes2010axial,
  publisher={Elsevier},
  title={{Axial--torsional thermomechanical fatigue of a near-$\gamma$ TiAl-alloy}},
  journal={Materials Science and Engineering: A},
  author={Brookes, S.P. and K{\"u}hn, H.-J. and Skrotzki, B. and Klingelh{\"o}ffer, H. and Sievert, R. and Pfetzing, J. and Peter, D. and Eggeler, G.},
  number={16-17},
  volume={527},
  year={2010},
  pages={3829-3839},
}
@article{brown1973theory,
  publisher={SAGE Publications Sage UK: London, England},
  title={{A Theory for Fatigue Failure under Multiaxial Stress-Strain Conditions}},
  journal={Proceedings of the Institution of Mechanical Engineers},
  author={Brown, M.W. and Miller, K.J.},
  number={1},
  volume={187},
  year={1973},
  pages={745-755},
}
@article{carpinteri2001multiaxial,
  publisher={Elsevier},
  title={Multiaxial high-cycle fatigue criterion for hard metals},
  journal={International Journal of Fatigue},
  author={Carpinteri, A. and Spagnoli, A.},
  number={2},
  volume={23},
  year={2001},
  pages={135-145},
}
@article{chaboche1983plastic,
  publisher={American Society of Mechanical Engineers},
  title={{On the Plastic and Viscoplastic Constitutive Equations-Part I: Rules Developed With Internal Variable Concept}},
  journal={Journal of Pressure Vessel Technology},
  author={Chaboche, J.L. and Rousselier, G.},
  number={2},
  volume={105},
  year={1983},
  pages={153-158},
}
@article{chen1994damage,
  publisher={Elsevier},
  title={Damage analysis of low-cycle fatigue under non-proportional loading},
  journal={International Journal of Fatigue},
  author={Chen, X. and Gao, Q. and Sun, X.F.},
  number={3},
  volume={16},
  year={1994},
  pages={221-225},
}
@article{chen2004modified,
  publisher={Elsevier},
  title={Modified kinematic hardening rule for multiaxial ratcheting prediction},
  journal={International Journal of Plasticity},
  author={Chen, X. and Jiao, R.},
  number={4-5},
  volume={20},
  year={2004},
  pages={871-898},
}
@article{dafalias1985plastic,
  publisher={American Society of Mechanical Engineers},
  title={{The Plastic Spin}},
  journal={Journal of Applied Mechanics},
  author={Dafalias, Y.F.},
  number={4},
  volume={52},
  year={1985},
  pages={865-871},
}
@inproceedings{drucker1951more,
  title={A more fundamental approach to plastic stress-strain relations},
  booktitle={JOURNAL OF APPLIED MECHANICS-TRANSACTIONS OF THE ASME},
  author={Drucker, Daniel Charles},
  number={3},
  volume={18},
  year={1951},
  organization={ASME-AMER SOC MECHANICAL ENG 345 E 47TH ST, NEW YORK, NY 10017},
  pages={323--323},
}
@inproceedings{drucker1951more,
  title={A more fundamental approach to plastic stress-strain relations},
  booktitle={JOURNAL OF APPLIED MECHANICS-TRANSACTIONS OF THE ASME},
  author={Drucker, Daniel Charles},
  number={3},
  volume={18},
  year={1951},
  organization={ASME-AMER SOC MECHANICAL ENG 345 E 47TH ST, NEW YORK, NY 10017},
  pages={323--323},
}
@article{evans2008thermo,
  publisher={Elsevier},
  title={{Thermo-mechanical fatigue and fracture of INCO718}},
  journal={International Journal of Fatigue},
  author={Evans, W.J. and Screech, J.E. and Williams, S.J.},
  number={2},
  volume={30},
  year={2008},
  pages={257-267},
}
@book{fang2015cyclic,
  publisher={Herbert Utz Verlag},
  title={Cyclic plasticity modeling and multiaxial fatigue assessment for an austenitic steel},
  author={J. Fang},
  year={2015},
}
@article{feigenbaum2014directional,
  publisher={Elsevier},
  title={Directional distortional hardening at large plastic deformations},
  journal={International Journal of Solids and Structures},
  author={Feigenbaum, H.P. and Dafalias, Y.F.},
  number={23-24},
  volume={51},
  year={2014},
  pages={3904-3918},
}
@techreport{findley1953combined,
  title={Combined-stress fatigue strength of {76S-T61} aluminum alloy with superimposed mean stresses and corrections for yielding},
  author={Findley, W.N.},
  number={2924},
  year={1953},
  institution={National advisory committee for aeronautics},
}
@book{findley1954modified,
  title={Modified theories of fatigue failure under combined stress},
  author={Findley, W.N. and Mathur, P.N.},
  number={5},
  year={1954},
}
@book{findley1956theory,
  title={THEORY FOR COMBINED BENDING AND TORSION FATIGUE WITH DATA FOR SAE 4340 STEEL. Technical Report No.1 on BASIC RESEARCH ON FATIGURES UNDER COMBINED STRESS},
  author={Findley, W.N. and Coleman, J.J. and Hanley, B.C.},
  place={United States},
  year={1956},
  month={Apr},
}
@book{findley1958theory,
  publisher={Engineering Materials Research Laboratory, Division of Engineering, Brown University},
  title={A theory for the effect of mean stress on fatigue of metals under combined torsion and axial load or bending},
  author={Findley, W.N.},
  number={6},
  year={1958},
}
@book{fourier1822theorie,
  publisher={Chez Firmin Didot, p{\`e}re et fils},
  title={Theorie analytique de la chaleur, par M. Fourier},
  author={Fourier, Joseph},
  year={1822},
}
@article{frederick2007mathematical,
  publisher={Maney Publishing Suite 1C, Joseph's Well, Hanover Walk, Leeds LS3 1AB, UK},
  title={A mathematical representation of the multiaxial Bauschinger effect},
  journal={Materials at High Temperatures},
  author={Frederick, Charles O and Armstrong, PJ},
  number={1},
  volume={24},
  year={2007},
  pages={1--26},
}
@article{frederick2007mathematical,
  publisher={Taylor \& Francis},
  title={A mathematical representation of the multiaxial Bauschinger effect},
  journal={Materials at High Temperatures},
  author={CO Frederick and PJ Armstrong},
  number={1},
  volume={24},
  year={2007},
  pages={1--26},
}
@article{frederick2007mathematical,
  title={A mathematical representation of the multiaxial Bauschinger effect},
  journal={Materials at High Temperatures},
  author={Frederick, Charles O and Armstrong, PJ},
  number={1},
  volume={24},
  year={2007},
  pages={1--26},
}
@article{gough1935strength,
  publisher={SAGE Publications Sage UK: London, England},
  title={Strength of metals under combined alternating stresses},
  journal={Proceedings of the Institution of Mechanical Engineers},
  author={Gough, H.J. and Pollard, H.V.},
  number={1},
  volume={131},
  year={1935},
  pages={3-103},
}
@article{gough1936properties,
  publisher={SAGE Publications Sage UK: London, England},
  title={Properties of some materials for cast crankshafts, with special reference to combined stresses},
  journal={Proceedings of the Institution of Automobile Engineers},
  author={Gough, H.J. and Pollard, H.V.},
  number={1},
  volume={31},
  year={1936},
  pages={821-893},
}
@article{harrison1996modelling,
  publisher={DTIC Document},
  title={{Modelling of Thermomechanical Fatigue in Aero Engine Turbine Blades}},
  journal={Rolls Royce Plc},
  author={G.F. Harrison and P.H. Tranter and S.J. Williams},
  year={1996},
}
@article{jiang1996modeling,
  publisher={American Society of Mechanical Engineers},
  title={{Modeling of Cyclic Ratchetting Plasticity, Part I: Development of Constitutive Relations}},
  journal={Journal of Applied Mechanics},
  author={Jiang, Y. and Sehitoglu, H.},
  number={3},
  volume={63},
  year={1996},
  pages={720-725},
}
@article{kang2004uniaxial,
  publisher={Elsevier},
  title={{Uniaxial and non-proportionally multiaxial ratcheting of SS304 stainless steel at room temperature: experiments and simulations}},
  journal={International Journal of Non-Linear Mechanics},
  author={Kang, G. and Gao, Q. and Yang, X.},
  number={5},
  volume={39},
  year={2004},
  pages={843-857},
}
@article{kang2004visco,
  publisher={Elsevier},
  title={A visco-plastic constitutive model for ratcheting of cyclically stable materials and its finite element implementation},
  journal={Mechanics of Materials},
  author={G. Kang},
  number={4},
  volume={36},
  year={2004},
  pages={299-312},
}
@article{kim1988elevated,
  title={Elevated temperature crack growth},
  journal={NASA Contract Report CR182247},
  author={Kim, K.S. and Vanstone, R.H. and Malik, S.N. and Laflen, J.H.},
  year={1988},
}
@article{kobayashi2002implementation,
  publisher={Wiley Online Library},
  title={Implementation of cyclic plasticity models based on a general form of kinematic hardening},
  journal={International Journal for Numerical Methods in Engineering},
  author={M. Kobayashi and N. Ohno},
  number={9},
  volume={53},
  year={2002},
  pages={2217-2238},
}

@article{mahobia2014effect,
  publisher={Elsevier},
  title={{Effect of hot corrosion on low cycle fatigue behavior of superalloy IN718}},
  journal={International Journal of Fatigue},
  author={Mahobia, G.S. and Paulose, N. and Mannan, S.L. and Sudhakar, R.G. and Chattopadhyay, K. and Srinivas, N.C.S. and Singh, V.},
  volume={59},
  year={2014},
  pages={272-281},
}
@article{mcdiarmid1991general,
  publisher={Wiley Online Library},
  title={{A GENERAL CRITERION FOR HIGH CYCLE MULTIAXIAL FATIGUE FAILURE}},
  journal={Fatigue and Fracture of Engineering Materials and Structures},
  author={McDiarmid, D.L.},
  number={4},
  volume={14},
  year={1991},
  pages={429-453},
}
@article{mises1928mechanik,
  publisher={Wiley Online Library},
  title={{Mechanik der plastischen Form{\"a}nderung von Kristallen}},
  journal={Zamm-Journal of Applied Mathematics and Mechanics},
  author={Mises, R.V.},
  number={3},
  volume={8},
  year={1928},
  pages={161-185},
}
@article{mroz1967description,
  publisher={Elsevier},
  title={On the description of anisotropic workhardening},
  journal={Journal of the Mechanics and Physics of Solids},
  author={MrÃ³z, Z.},
  number={3},
  volume={15},
  year={1967},
  pages={163-175},
}
@book{nelson1992creep,
  publisher={National Aeronautics and Space Administration},
  title={Creep fatigue life prediction for engine hot section materials (isotropic): Final Report, NASA Contractor Report 189221},
  author={Nelson, R.S. and Levan, G.W. and Harvey, P.R.},
  year={1992},
}
@article{ohno1993kinematic,
  publisher={Elsevier},
  title={{Kinematic hardening rules with critical state of dynamic recovery, part I: formulation and basic features for ratchetting behavior}},
  journal={International Journal of Plasticity},
  author={Ohno, N. and Wang, J.D.},
  number={3},
  volume={9},
  year={1993},
  pages={375-390},
}

@article{prager1949recent,
  publisher={AIP Publishing},
  title={{Recent Developments in the Mathematical Theory of Plasticity}},
  journal={Journal of Applied Physics},
  author={Prager, W.},
  number={3},
  volume={20},
  year={1949},
  pages={235-241},
}
@book{prager1955new,
  publisher={Division of Applied Mathematics, Brown University},
  title={A new method of analyzing stresses and strains in work-hardening plastic solids},
  author={Prager, William},
  year={1955},
}
@article{remy2003thermal,
  publisher={Elsevier},
  title={Thermal-Mechanical Fatigue (Including Thermal Shock)},
  journal={Comprehensive Structural Integrity},
  author={R{\'e}my, L.},
  year={2003},
  pages={113-199},
}
@article{sines1959behavior,
  publisher={McGraw-Hill, New York},
  title={Behavior of metals under complex static and alternating stresses},
  journal={Metal Fatigue},
  author={Sines, G.},
  volume={1},
  year={1959},
  pages={145-169},
}
@article{smith1970stress,
  title={{A Stress-Strain Function for the Fatigue of Metals}},
  journal={Journal of Materials},
  author={Smith, K.N. and Watson, P. and Topper, T.H.},
  volume={5},
  year={1970},
  pages={767-778},
}
@article{socie1987multiaxial,
  publisher={American Society of Mechanical Engineers},
  title={Multiaxial fatigue damage models},
  journal={Journal of Engineering Materials and Technology},
  author={Socie, D.F.},
  number={4},
  volume={109},
  year={1987},
  pages={293-298},
}
@article{socie2000multiaxial,
  title={Multiaxial Fatigue, Society of Automotive Engineers},
  journal={Inc. Warrendale, Pa},
  author={Socie, DF and Marquis, GB},
  volume={484},
  year={2000},
}
@article{standard2007e2207,
  title={E2207-02 Standard practice for strain-controlled axial-torsional testing with thin walled tube specimens},
  journal={Annual Book of ASTM Standards},
  author={ASTM},
  volume={3},
  year={2007},
  pages={1297--1304},
}
@article{tanaka1985effects,
  publisher={Elsevier},
  title={Effects of strain path shapes on non-proportional cyclic plasticity},
  author={Tanaka, E. and Murakami, S. and ÅŒoka, M.},
  journal={Journal of the Mechanics and Physics of Solids},
  number={6},
  volume={33},
  year={1985},
  pages={559-575},
}
@article{tanaka1994nonproportionality,
  publisher={Elsevier},
  title={A nonproportionality parameter and a cyclic viscoplastic constitutive model taking into account amplitude dependences and memory effects of isotropic hardening},
  journal={European Journal of Mechanics-A/Solids},
  author={Tanaka, E.},
  number={2},
  volume={13},
  year={1994},
  pages={155-173},
}
@inproceedings{van1986criterion,
  title={Criterion for high-cycle fatigue failure under multiaxial loading},
  booktitle={ICBMFF2},
  author={Van, K. Dang and Cailletaud, G. and Flavenot, J.F. and Le Douaron, A. and Lieurade, H.P.},
  year={1986},
}
@article{van1999introduction,
  publisher={Springer Vienna},
  title={{Introduction to Fatigue Analysis in Mechanical Design by the Multiscale Approach}},
  journal={High-Cycle Metal Fatigue},
  author={Van, K.D.},
  year={1999},
  pages={57-88},
}
@article{xia1991nonproportional,
  publisher={American Society of Mechanical Engineers},
  title={{Nonproportional Multiaxial Cyclic Loading: Experiments and Constitute Modeling}},
  journal={Journal of Applied Mechanics},
  author={Xia, Z. and Ellyin, F.},
  number={2},
  volume={58},
  year={1991},
  pages={317-325},
}
@article{xiao1997logarithmic,
  publisher={Springer},
  title={Logarithmic strain, logarithmic spin and logarithmic rate},
  journal={Acta Mechanica},
  author={Xiao, H. and Bruhns, D.I.O.T. and Meyers, D.I.A.},
  number={1-4},
  volume={124},
  year={1997},
  pages={89-105},
}
@article{ye2004low,
  publisher={Elsevier},
  title={{Low cycle fatigue behavior of nickel-based superalloy GH4145/SQ at elevated temperature}},
  journal={Materials Science and Engineering: A},
  author={D. Ye and D. Ping and Z. Wang and H. Xu and X. Mei and C. Xu and X. Chen},
  number={1},
  volume={373},
  year={2004},
  pages={54-64},
}
@article{PRASAD2013131,
title = "Temperature gradients in flat thermomechanical fatigue specimens",
journal = "Applied Thermal Engineering",
volume = "59",
number = "1",
pages = "131 - 133",
year = "2013",
issn = "1359-4311",
doi = "https://doi.org/10.1016/j.applthermaleng.2013.05.002",
url = "http://www.sciencedirect.com/science/article/pii/S1359431113003402",
author = "K. Prasad and V. Kumar",
keywords = "Thermal gradients, Thermomechanical fatigue, Flat specimen"
}
@article{BARTSCH2008211,
title = "Fatigue cracks in a thermal barrier coating system on a superalloy in multiaxial thermomechanical testing",
journal = "International Journal of Fatigue",
volume = "30",
number = "2",
pages = "211 - 218",
year = "2008",
issn = "0142-1123",
doi = "https://doi.org/10.1016/j.ijfatigue.2007.01.037",
url = "http://www.sciencedirect.com/science/article/pii/S0142112307001053",
author = "M. Bartsch and B. Baufeld and S. DalkiliÃ§ and L. Chernova and M. Heinzelmann",
keywords = "Gas turbines, Thermomechanical fatigue/cycling, Crack formation, Fatigue crack growth, Stress analysis"
}
@article{GHASEMINEZHADKOUSHALI201713140,
title = "{Modeling and simulation of thermal fatigue crack in EB-PVD TBCs under non-uniform temperature}",
journal = "Ceramics International",
volume = "43",
number = "16",
pages = "13140 - 13145",
year = "2017",
issn = "0272-8842",
doi = "https://doi.org/10.1016/j.ceramint.2017.07.006",
url = "http://www.sciencedirect.com/science/article/pii/S0272884217314190",
author = "A. G. Koushali and M. Sameezadeh and M. Vaseghi and P. Safarpour",
keywords = "Thermal barrier coating, Thermal fatigue, Creep, Crack, Stress intensity factor",
}
@article{EBRAHIMI20171,
title = "{Thermal fatigue testing and simulation of an APS TBC system in presence of a constant bending load}",
journal = "International Journal of Fatigue",
volume = "96",
pages = "1 - 9",
year = "2017",
issn = "0142-1123",
doi = "https://doi.org/10.1016/j.ijfatigue.2016.11.008",
url = "http://www.sciencedirect.com/science/article/pii/S0142112316303711",
author = "H. Ebrahimi and S. Nakhodchi",
keywords = "Thermal barrier coating, Thermal fatigue, Finite element simulation, Cohesive zone model",
}
@article{SULAK2018347,
title = "{Low cycle fatigue performance of Ni-based superalloy coated with complex thermal barrier coating}",
journal = "Materials Characterization",
volume = "139",
pages = "347 - 354",
year = "2018",
issn = "1044-5803",
doi = "https://doi.org/10.1016/j.matchar.2018.03.023",
url = "http://www.sciencedirect.com/science/article/pii/S1044580318301621",
author = "I. Å ulÃ¡k and K. ObrtlÃ­k and L. ÄŒelko and T. ChrÃ¡ska and D. Jech and P. GejdoÅ¡",
keywords = "Inconel 713LC, Thermal barrier coating, High-temperature low cycle fatigue, Cyclic stress-strain curve, Fatigue life curves, Degradation mechanisms",
}
@article{ERIKSSON2013230,
title = "{TBC bond coatâ€“top coat interface roughness: Influence on fatigue life and modelling aspects}",
journal = "Surface and Coatings Technology",
volume = "236",
pages = "230 - 238",
year = "2013",
issn = "0257-8972",
doi = "https://doi.org/10.1016/j.surfcoat.2013.09.051",
url = "http://www.sciencedirect.com/science/article/pii/S0257897213009122",
author = "R. Eriksson and S. SjÃ¶strÃ¶m and H. Brodin and S. Johansson and L. Ã–stergren and X. Li",
keywords = "Thermal barrier coating, TBC, Thermal cycling fatigue, Interface, Roughness, ",
}
@incollection{BOSE2018199,
title = "{Chapter 7 - Thermal Barrier Coatings (TBCs)}",
editor = "S. Bose",
booktitle = "High Temperature Coatings (Second Edition)",
publisher = "Butterworth-Heinemann",
edition = "Second Edition",
pages = "199 - 299",
year = "2018",
isbn = "978-0-12-804622-7",
doi = "https://doi.org/10.1016/B978-0-12-804622-7.00007-3",
url = "http://www.sciencedirect.com/science/article/pii/B9780128046227000073",
author = "S. Bose",
}
@article{KAROLCZUK201439,
title = "Analysis of the coefficient of normal stress effect in chosen multiaxial fatigue criteria",
journal = "Theoretical and Applied Fracture Mechanics",
volume = "73",
pages = "39 - 47",
year = "2014",
issn = "0167-8442",
doi = "https://doi.org/10.1016/j.tafmec.2014.07.015",
url = "http://www.sciencedirect.com/science/article/pii/S0167844214001190",
author = "A. Karolczuk and K. Kluger",
keywords = "Multiaxial fatigue, Critical plane approach, Stress criteria",
abstract = "The paper undertakes a comparison of the experimental and calculated fatigue lives by using criteria formulated by Findley, Matake and Dang Van for S355J2WP, S355J2G3 and 30CrNiMo8 steels. The considered criteria include the coefficient k (the coefficient of material sensitivity to the normal or hydrostatic stresses) which originally is related to the fatigue limits. It is shown that the value of k coefficient depends on the number of cycles to failure and better results are obtained using the proposed idea of calculating the k value for number of cycles specified for analysed steels than using the original concept of the fatigue limits. Analysis of the criteria consisted in comparison of the experimental and calculated results obtained for different values of the k coefficient determined for different number of cycles. The results of calculations were compared with the experimental results for cyclic bending, torsion and proportional combination of bending with torsion."
}
@article{WALAT201473,
title = "{Lifetime of semi-ductile materials through the critical plane approach}",
journal = "International Journal of Fatigue",
volume = "67",
pages = "73 - 77",
year = "2014",
issn = "0142-1123",
doi = "https://doi.org/10.1016/j.ijfatigue.2013.11.019",
url = "http://www.sciencedirect.com/science/article/pii/S0142112313003344",
author = "K. Walat and T. {\L}agoda",
keywords = "Critical plane, Multiaxial criteria, Fatigue life-time, Aluminium alloy",
abstract = "This paper presents the results of fatigue strength estimation depending on the variable orientation of the critical plane for proportional and non-proportional bending and torsion with regard to specimens made of aluminium alloy 2017A. The algorithm applied for the fatigue strength evaluation is based on the Carpinteriâ€“Spagnoli proposal and its subsequent modifications in accordance with the ideas developed by the authors. The objective of this paper is to search for a model which offers the best possible results of fatigue strength estimation for materials with properties which are intermediate between elastic-brittle and elasticâ€“plastic, such as aluminium alloys, and a further insight into them with regard to their fatigue strength."
}
@article{SKIBICKI201718,
title = "{Low-cycle multiaxial fatigue behaviour and fatigue life prediction for CuZn37 brass using the stress-strain models}",
journal = "International Journal of Fatigue",
volume = "102",
pages = "18 - 36",
year = "2017",
issn = "0142-1123",
doi = "https://doi.org/10.1016/j.ijfatigue.2017.04.011",
url = "http://www.sciencedirect.com/science/article/pii/S0142112317301901",
author = "D. Skibicki and {\L}. Pejkowski",
keywords = "Multiaxial fatigue, Low-cycle fatigue, Non-proportional loading, Fatigue life criteria, Non-proportional hardening, Stress-strain behaviour, Hysteresis loop",
abstract = "The low-cycle, strain-controlled fatigue tests have been conducted on CuZn37 brass (ASTM: C27200, EN: CW508L). Machined specimens have been subjected to uniaxial, proportional and non-proportional axial-torsional loadings. The monotonic and cyclic material properties have been determined for the loadings used. The obtained fatigue lives have been analysed in reference to the total Huber-von Mises equivalent strain ranges, the hysteresis loops energy in the loading cycle and the total plastic strain energy in the fatigue test. The relations between the plastic strain energy and the total as well as the plastic strain have been described. On the basis of the obtained experimental results, the selected stress-strain multiaxial fatigue criteria have been evaluated. In the conclusion it was found that fatigue lives predicted using the Fatemi-Socie and Garud criteria are closest to the experimental ones."
}
@article{Ahmed2017,
author = {R. Ahmed and T. Hassan},
doi = {10.1016/j.ijsolstr.2017.07.031},
issn = {00207683},
journal = {International Journal of Solids and Structures},
keywords = {Cyclic viscoplasticity,Haynes 230,Mean-stress evolution,Stress relaxation,Thermo-mechanical fatigue-creep,Unified constitutive model},
pages = {122--139},
publisher = {Elsevier Ltd},
title = {{Constitutive modeling for thermo-mechanical low-cycle fatigue-creep stressâ€“strain responses of Haynes 230}},
url = {http://dx.doi.org/10.1016/j.ijsolstr.2017.07.031},
volume = {126-127},
year = {2017}
}
@article{Ahmed2016,
author = {R. Ahmed and P.R. Barrett and T. Hassan},
doi = {10.1016/j.ijsolstr.2016.03.012},
file = {:F$\backslash$:/Cloud/2018-06-26{\_}TMFè®ºæ–‡ä¿®æ”¹/1-s2.0-S0020768316001311-main.pdf:pdf},
issn = {00207683},
journal = {International Journal of Solids and Structures},
keywords = {Constitutive modeling,Cyclic viscoplasticity,Fatigue,Fatigue-creep,Haynes 230},
pages = {131--145},
publisher = {Elsevier Ltd},
title = {{Unified viscoplasticity modeling for isothermal low-cycle fatigue and fatigue-creep stress-strain responses of Haynes 230}},
volume = {88-89},
year = {2016}
}
@article{Mao2015,
author = {J. Mao and C.C. Engler-Pinto and T. Li and J. Hsieh and X. Su},
doi = {10.1016/j.proeng.2015.12.647},
issn = {18777058},
journal = {Procedia Engineering},
keywords = {constitutive model, elasto-viscoplasticity, elastoplasticity,fatigue damage model, thermomechanical fatigue, two-layer viscoplasticity},
number = {313},
pages = {655--668},
publisher = {Elsevier B.V.},
title = {{Effect of Constitutive Model on Thermomechanical Fatigue Life Prediction}},
url = {http://dx.doi.org/10.1016/j.proeng.2015.12.647},
volume = {133},
year = {2015}
}
@article{Nieto-Fuentes2018,
author = {J.C. Nieto-Fuentes and D. Rittel and S. Osovski},
doi = {10.1016/j.ijplas.2018.04.012},
issn = {07496419},
journal = {International Journal of Plasticity},
keywords = {Constitutive behavior,Dislocations,Kolsky bar,Rate-dependent material,Taylor-Quinney coefficient},
number = {February},
pages = {0--1},
publisher = {Elsevier},
title = {{On a dislocation-based constitutive model and dynamic thermomechanical considerations}},
url = {https://doi.org/10.1016/j.ijplas.2018.04.012},
year = {2018}
}
@article{Wang2017,
author = {J. Wang and Z. Moumni and W. Zhang},
doi = {10.1016/j.ijplas.2017.06.003},
isbn = {0749-6419},
issn = {07496419},
journal = {International Journal of Plasticity},
keywords = {Constitutive model, Cyclic deformation, Hencky strain,Shape memory alloys,T hermomechanical coupling},
pages = {194--221},
publisher = {Elsevier Ltd},
title = {{A thermomechanically coupled finite-strain constitutive model for cyclic pseudoelasticity of polycrystalline shape memory alloys}},
url = {http://dx.doi.org/10.1016/j.ijplas.2017.06.003},
volume = {97},
year = {2017}
}